<?xml version="1.0" encoding="UTF-8"?><collection xmlns="http://www.loc.gov/MARC21/slim"><record><leader>00621nam--2200169-i-4500</leader><controlfield tag="001">000017262</controlfield><controlfield tag="002">20161230</controlfield><controlfield tag="005">20170123165105</controlfield><controlfield tag="008">060222s1000------------r-----000-0-eng-d</controlfield><datafield ind1=" " ind2=" " tag="020"><subfield code="a">92-826-4</subfield></datafield><datafield ind1=" " ind2=" " tag="080"><subfield code="a">621.039.7</subfield></datafield><datafield ind1=" " ind2=" " tag="100"><subfield code="a">De Angelis, G. F</subfield></datafield><datafield ind1=" " ind2=" " tag="245"><subfield code="a">Development of test methods for quality contro l of llw and mlw in cement of polymers (parts 1 and 2) task 3 characterization of radioactiv es waste forms. A series of final reports (198 5-89)</subfield></datafield><datafield ind1=" " ind2=" " tag="260"><subfield code="a">Luxembourg</subfield><subfield code="b">Office For Official Publictions Of The Europen Communities</subfield><subfield code="c">1992</subfield></datafield><datafield ind1=" " ind2=" " tag="490"><subfield code="a">Eur 14097</subfield></datafield><datafield ind1=" " ind2=" " tag="852"><subfield code="a">80162</subfield></datafield><datafield ind1=" " ind2=" " tag="CAT"><subfield code="a">SYS</subfield><subfield code="c">20170123</subfield><subfield code="h">165105</subfield></datafield></record></collection>